<?xml version="1.0" encoding="UTF-8"?><collection xmlns="http://www.loc.gov/MARC21/slim"><record><leader>00348nam--2200121-i-4500</leader><controlfield tag="001">000027026</controlfield><controlfield tag="002">20161230</controlfield><controlfield tag="005">20161230201036</controlfield><controlfield tag="008">060222s1000------------r-----000-0-eng-d</controlfield><datafield ind1=" " ind2=" " tag="100"><subfield code="a">Klinger, H.H</subfield></datafield><datafield ind1=" " ind2=" " tag="245"><subfield code="a">Einfuhrung in die microwellen und ihre wissenschaftlichen anwendungeg</subfield></datafield><datafield ind1=" " ind2=" " tag="260"><subfield code="a">Stuttfart, S.Hirzel Verlag, 1954, Viii + 118p</subfield></datafield><datafield ind1=" " ind2=" " tag="852"><subfield code="a">10503</subfield></datafield></record></collection>